@book{adams1995hitchhiker,
  title={The Hitchhiker's Guide to the Galaxy},
  author={Adams, D.},
  isbn={9781417642595},
  url={http://books.google.com/books?id=W-xMPgAACAAJ},
  year={1995},
  publisher={San Val}
}

@article{kazimierski2021,
  title={Trajectory assessment of the vulnerable marsupial \emph{Dromiciops gliroides} in the {P}atagonian temperate forest},
  author={Kazimierski, Laila D. and Catalano, Nicolás E. and Laneri, Karina and Balazote Oliver, Agustina and Calzolari, Gabriela and Joseph, Julien and Amico, Guillermo C. and Abramson, Guillermo},
  journal={Mammalian Biology},
  volume={101},
  number={},
  pages={715--727},
  year={2021},
  doi={10.1007/s42991-021-00106-5}
}

@misc{repocodestortoises,
title = "Codes used for this manuscript",
howpublished = "https://gitlab.com/karinalaneri/codestortoisesmovementpaper",
year = "2021",
}

@article{morales2005,
  title={Adaptive models for large herbivore movements in heterogeneous landscapes},
  author={Morales, Juan Manuel and Fortin, Daniel and Frair, Jacqueline L and Merrill, Evelyn H},
  journal={Landscape Ecology},
  volume={20},
  number={3},
  pages={301--316},
  year={2005},
  publisher={Springer}
}

@article{morales2010,
  title={Building the bridge between animal movement and population dynamics},
  author={Morales, Juan M and Moorcroft, Paul R and Matthiopoulos, Jason and Frair, Jacqueline L and Kie, John G and Powell, Roger A and Merrill, Evelyn H and Haydon, Daniel T},
  journal={Philosophical Transactions of the Royal Society B: Biological Sciences},
  volume={365},
  number={1550},
  pages={2289--2301},
  year={2010},
  publisher={The Royal Society}
}

@article{nathan2008emerging,
  title={An emerging movement ecology paradigm},
  author={Nathan, Ran},
  journal={Proceedings of the National Academy of Sciences},
  volume={105},
  number={49},
  pages={19050--19051},
  year={2008},
  publisher={National Acad Sciences}
}

@article{smouse2010,
  title={Stochastic modelling of animal movement},
  author={Smouse, Peter E and Focardi, Stefano and Moorcroft, Paul R and Kie, John G and Forester, James D and Morales, Juan M},
  journal={Philosophical Transactions of the Royal Society B: Biological Sciences},
  volume={365},
  number={1550},
  pages={2201--2211},
  year={2010},
  publisher={The Royal Society}
}

@article{morales2006,
  title={The effects of plant distribution and frugivore density on the scale and shape of dispersal kernels},
  author={Morales, Juan Manuel and Carlo, Tom{\'a}s A},
  journal={Ecology},
  volume={87},
  number={6},
  pages={1489--1496},
  year={2006},
  publisher={Wiley Online Library}
}

@article{bartumeus2002,
  title={Optimizing the encounter rate in biological interactions: L{\'e}vy versus Brownian strategies},
  author={Bartumeus, Frederic and Catalan, Jordi and Fulco, UL and Lyra, ML and Viswanathan, GM},
  journal={Physical Review Letters},
  volume={88},
  number={9},
  pages={097901},
  year={2002},
  publisher={APS}
}

@article{barton2009,
  title={The evolution of an ‘intelligent’ dispersal strategy: biased, correlated random walks in patchy landscapes},
  author={Barton, Kamil A and Phillips, Ben L and Morales, Juan M and Travis, Justin MJ},
  journal={Oikos},
  volume={118},
  number={2},
  pages={309--319},
  year={2009},
  publisher={Wiley Online Library}
}

@article{fronhofer2013,
  title={From random walks to informed movement},
  author={Fronhofer, Emanuel A and Hovestadt, Thomas and Poethke, Hans-Joachim},
  journal={Oikos},
  volume={122},
  number={6},
  pages={857--866},
  year={2013},
  publisher={Wiley Online Library}
}

@article{viswanathan1996,
  title={L{\'e}vy flight search patterns of wandering albatrosses},
  author={Viswanathan, Gandhimohan M and Afanasyev, Vsevolod and Buldyrev, Sergey V and Murphy, Eugene J and Prince, Peter A and Stanley, H Eugene},
  journal={Nature},
  volume={381},
  number={6581},
  pages={413--415},
  year={1996},
  publisher={Nature Publishing Group}
}

@article{reynolds2012,
  title={Distinguishing between {L}{\'e}vy walks and strong alternative models},
  author={Reynolds, AM},
  journal={Ecology},
  volume={93},
  number={5},
  pages={1228--1233},
  year={2012},
  publisher={Wiley Online Library}
}

@article{boyer2009,
  title={L{\'e}vy-like behaviour in deterministic models of intelligent agents exploring heterogeneous environments},
  author={Boyer, D and Miramontes, O and Larralde, H},
  journal={Journal of Physics A: Mathematical and Theoretical},
  volume={42},
  number={43},
  pages={434015},
  year={2009},
  publisher={IOP Publishing}
}

@article{hamann1993,
  title={On vegetation recovery, goats and giant tortoises on {P}inta {I}sland, {G}al{\'a}pagos, {E}cuador},
  author={Hamann, Ole},
  journal={Biodiversity \& Conservation},
  volume={2},
  number={2},
  pages={138--151},
  year={1993},
  publisher={Springer}
}

@article{gibbs2010,
  title={Giant tortoises as ecological engineers: a long-term quasi-experiment in the Gal{\'a}pagos Islands},
  author={Gibbs, James P and Sterling, Eleanor J and Zabala, F Javier},
  journal={Biotropica},
  volume={42},
  number={2},
  pages={208--214},
  year={2010},
  publisher={Wiley Online Library}
}

@article{blake2012,
  title={Seed dispersal by Gal{\'a}pagos tortoises},
  author={Blake, Stephen and Wikelski, Martin and Cabrera, Fredy and Guezou, Anne and Silva, Miriam and Sadeghayobi, Elham and Yackulic, Charles B and Jaramillo, Patricia},
  journal={Journal of Biogeography},
  volume={39},
  number={11},
  pages={1961--1972},
  year={2012},
  publisher={Wiley Online Library}
}

@article{sanchez2014,
  title={Abundance of {C}helonoidis chilensis ({G}ray, 1870) within protected and unprotected areas from the {D}ry {C}haco and {M}onte {E}co-regions ({A}rgentina)},
  author={S{\'a}nchez, Julieta and Alcalde, Leandro and Bolzan, Alejandro Daniel and Sanchez, Rocio Maria and del Valle Lazc{\'o}z, Mar{\'\i}a},
  year={2014},
  publisher={Austrian Herpetological Society}
}

@misc{burkart1999,
  title={Eco-regiones de la {A}rgentina},
  author={Burkart, Rodolfo and B{\'a}rbaro, N{\'e}stor Omar and S{\'a}nchez, Roberto Omar and G{\'o}mez, Daniel Aldo},
  year={1999},
  publisher={Presidencia de la Naci{\'o}n-Secretar{\'\i}a de Recursos Naturales y Desarrollo~…}
}

@book{richard1999,
  title={Tortugas de las regiones {\'a}ridas de {A}rgentina},
  author={Richard, Enrique},
  year={1999},
  publisher={L.O.L.A.}
}

@article{cei1986,
  title={Reptiles del centro, centro-oeste y sur de la {A}rgentina: Herpetofauna de las zonas {\'a}ridas y semi{\'a}ridas},
  author={Cei, Jos{\'e} Miguel},
  year={1986},
  publisher={Museo regionale di scienze naturali Torino}
}

@article{prado2012,
  title={Categorizaci{\'o}n del estado de conservaci{\'o}n de las tortugas de la {R}ep{\'u}blica {A}rgentina},
  author={Prado, Walter S and Waller, Tom{\'a}s and Albareda, Diego A and Cabrera, Mario Roberto and Etchepare, Eduardo G and Giraudo, Alejandro Ra{\'u}l and Gonz{\'a}lez Carman, Victoria and Prosdocimi, Laura and Richard, Enrique},
  journal={Cuadernos de herpetolog{\'\i}a},
  volume={26},
  year={2012}
}

@article{richard1994,
  title={Espectro tr{\'o}fico de \emph{Chelonoidis chilensis} ({C}helonii: {T}estudinidae) en la provincia fitogeogr{\'a}fica del {M}onte ({M}endoza, {A}rgentina)},
  author={Richard, Enrique},
  journal={Cuadernos de Herpetolog{\'\i}a},
  volume={8},
  year={1994}
}

@article{boretto2014,
  title={Changes in female reproduction and body condition in an endemic lizard, Phymaturus spectabilis, following the Puyehue volcanic ashfall event},
  author={Boretto, Jorgelina Mariela and Cabezas, Facundo and Kubisch, Erika Leticia and Sinervo, Barry and Ibarguengoyt{\'\i}a, Nora},
  year={2014},
  publisher={Herpetological Conservation and Biology}
}

@article{breder1927,
  title={Turtle trailing: a new technique for studying the life habits of certain {T}estudinata},
  author={Breder, Ruth Bernice},
  journal={Zoologica},
  volume={9},
  number={4},
  pages={231--243},
  year={1927}
}

@article{miles1976,
  title={A simple method of tracking mammals and locating triatomine vectors of \emph{Trypanosoma cruzi} in {A}mazonian forest},
  author={Miles, Michael A},
  journal={The American Journal of Tropical Medicine and Hygiene},
  volume={25},
  number={5},
  pages={671--674},
  year={1976},
  publisher={ASTMH}
}

@article{cunha2002,
  title={Support diameter, incline, and vertical movements of four didelphid marsupials in the {A}tlantic forest of {B}razil},
  author={Cunha, Andr{\'e} A and Vieira, Marcus V},
  journal={Journal of Zoology},
  volume={258},
  number={4},
  pages={419--426},
  year={2002},
  publisher={Cambridge University Press}
}

@article{delciellos2019,
  title={Negative or positive density-dependence in movements depends on climatic seasons: The case of a Neotropical marsupial},
  author={Delciellos, Ana Cl{\'a}udia and Prevedello, Jayme Augusto and Ribeiro, Suzy Emidio and Cerqueira, Rui and Vieira, Marcus Vinicius},
  journal={Austral Ecology},
  volume={44},
  number={2},
  pages={216--222},
  year={2019},
  publisher={Wiley Online Library}
}

@article{famelli2016,
  title={Movement patterns and activity of the {B}razilian snake-necked turtle {H}ydromedusa maximiliani ({T}estudines: {C}helidae) in southeastern {B}razil},
  author={Famelli, Shirley and Souza, Franco L and Georges, Arthur and Bertoluci, Jaime},
  journal={Amphibia-Reptilia},
  volume={37},
  number={2},
  pages={215--228},
  year={2016},
  publisher={Brill}
}

@article{law2016,
  title={Morphology, activity area, and movement patterns of the frugivorous monitor lizard \emph{Varanus bitatawa}},
  author={Law, Stephanie J and De Kort, Selvino R and Van Weerd, M},
  journal={Herpetological Conservation and Biology},
  volume={11},
  number={3},
  pages={467--475},
  year={2016},
  publisher={Herpetological Conservation and Biology}
}

@article{tozetti2009,
  title={Short-term movements of the {S}outh {A}merican rattlesnake (\emph{Crotalus durissus}) in southeastern {B}razil},
  author={Tozetti, Alexandro M and Vettorazzo, Victor and Martins, Marcio},
  journal={The Herpetological Journal},
  volume={19},
  number={4},
  pages={201--206},
  year={2009},
  publisher={British Herpetological Society}
}

@article{mennill2012,
  title={A novel digital telemetry system for tracking wild animals: a field test for studying mate choice in a lekking tropical bird},
  author={Mennill, Daniel J and Doucet, Stephanie M and Ward, Kara-Anne A and Maynard, Dugan F and Otis, Brian and Burt, John M},
  journal={Methods in Ecology and Evolution},
  volume={3},
  number={4},
  pages={663--672},
  year={2012},
  publisher={Wiley Online Library}
}

@article{gottwald2019,
  title={Introduction of an automatic and open-source radio-tracking system for small animals},
  author={Gottwald, Jannis and Zeidler, Ralf and Friess, Nicolas and Ludwig, Marvin and Reudenbach, Christoph and Nauss, Thomas},
  journal={Methods in Ecology and Evolution},
  volume={10},
  number={12},
  pages={2163--2172},
  year={2019},
  publisher={Wiley Online Library}
}

@article{steinwald2006,
  title={Effects of spool-and-line tracking on small desert mammals},
  author={Steinwald, Mary C and Swanson, Bradley J and Waser, Peter M},
  journal={The Southwestern Naturalist},
  pages={71--78},
  year={2006},
  publisher={JSTOR}
}

@article{oyarzabal2018,
  title={Unidades de vegetaci{\'o}n de la {A}rgentina},
  author={Oyarzabal, Mariano and Clavijo, Jos{\'e} Rafael and Oakley, Luis Jorge and Biganzoli, Fernando and Tognetti, Pedro Maximiliano and Barberis, Ignacio Mart{\'\i}n and Maturo, Hern{\'a}n Mauro and Arag{\'o}n, Myriam Roxana and Campanello, Paula In{\'e}s and Prado, Darien Eros and others},
  year={2018},
  publisher={Asociaci{\'o}n Argentina de Ecolog{\'\i}a}
}

@article{leon1998,
  title={Grandes unidades de vegetaci{\'o}n de la {P}atagonia extra andina},
  author={Le{\'o}n, Rolando JC and Bran, Donaldo and Collantes, Marta and Paruelo, Jos{\'e} M and Soriano, Alberto},
  journal={Ecolog{\'\i}a austral},
  volume={8},
  number={2},
  pages={125--144},
  year={1998}
}

@article{morello2012,
  title={Ecorregiones y complejos {E}cosist{\'e}micos de {A}rgentina},
  author={Morello, Jorge and Matteucci, Silvia D and Rodriguez, Andrea F and Silva, Mariana E and Mesopot{\'a}mica, Pampa and Llana, Pampa},
  journal={Orientaci{\'o}n Gr{\'a}fica Editora, Buenos Aires},
  year={2012}
}

@article{boo1997,
  title={Effect of fire on woody species in central semi-arid {A}rgentina},
  author={B{\'o}o, Roberto M and Pel{\'a}ez, Daniel V and Bunting, Steve C and Mayor, Mirta D and El{\i}́a, Omar R},
  journal={Journal of Arid Environments},
  volume={35},
  number={1},
  pages={87--94},
  year={1997},
  publisher={Elsevier}
}

@article{kumar2010,
  title={Memory-induced anomalous dynamics: Emergence of diffusion, subdiffusion, and superdiffusion from a single random walk model},
  author={Kumar, Niraj and Harbola, Upendra and Lindenberg, Katja},
  journal={Physical Review E},
  volume={82},
  number={2},
  pages={021101},
  year={2010},
  publisher={APS}
}

@article{metzler2000,
  title={The random walk's guide to anomalous diffusion: a fractional dynamics approach},
  author={Metzler, Ralf and Klafter, Joseph},
  journal={Physics reports},
  volume={339},
  number={1},
  pages={1--77},
  year={2000},
  publisher={Elsevier}
}

@article{metzler2004,
  title={The restaurant at the end of the random walk: recent developments in the description of anomalous transport by fractional dynamics},
  author={Metzler, Ralf and Klafter, Joseph},
  journal={Journal of Physics A: Mathematical and General},
  volume={37},
  number={31},
  pages={R161},
  year={2004},
  publisher={IOP Publishing}
}

@book{gibbs2020,
  title={“Reproduction” en “Galapagos Giant Tortoises”},
  author={James P. Gibbs and Linda J. Cayot and Washington Tapia},
  year={2020},
  publisher={Elsevier}
}

@article{galindo2007,
  title={Relaciones planta-herpetofauna: nuevas perspectivas para la investigaci{\'o}n en {C}olombia},
  author={Galindo-Uribe, D and Hoyos-Hoyos, JM},
  journal={Universitas Scientiarum},
  volume={12},
  number={l},
  pages={9--34},
  year={2007},
  publisher={Pontificia Universidad Javeriana}
}

@article{guyer2012effects,
  title={Effects of population density on patterns of movement and behavior of gopher tortoises (Gopherus polyphemus)},
  author={Guyer, Craig and Johnson, Valerie M and Hermann, Sharon M},
  journal={Herpetological Monographs},
  volume={26},
  number={1},
  pages={122--134},
  year={2012},
  publisher={The Herpetologists' League, Inc. University of South Florida, Department of~…}
}

@article{blake2012,
  title={Seed dispersal by Gal{\'a}pagos tortoises},
  author={Blake, Stephen and Wikelski, Martin and Cabrera, Fredy and Guezou, Anne and Silva, Miriam and Sadeghayobi, Elham and Yackulic, Charles B and Jaramillo, Patricia},
  journal={Journal of Biogeography},
  volume={39},
  number={11},
  pages={1961--1972},
  year={2012},
  publisher={Wiley Online Library}
}

@article{franks2011,
  title={Home range and movement of desert tortoises \emph{Gopherus agassizii} in the {M}ojave {D}esert of {C}alifornia, {USA}},
  author={Franks, Bryan R and Avery, Harold W and Spotila, James R},
  journal={Endangered Species Research},
  volume={13},
  number={3},
  pages={191--201},
  year={2011}
}

@article{varela2002,
  title={Seed dispersal by {C}helonoidis chilensis in the {C}haco dry woodland of {A}rgentina},
  author={Varela, R Omar and Bucher, Enrique H},
  journal={Journal of Herpetology},
  volume={36},
  number={1},
  pages={137--140},
  year={2002},
  publisher={JSTOR}
}

@article{valencia2013,
  title={Ecosystem services provided by amphibians and reptiles in Neotropical ecosystems},
  author={Valencia-Aguilar, Anyelet and Cort{\'e}s-G{\'o}mez, Angela M and Ruiz-Agudelo, C{\'e}sar Augusto},
  journal={International Journal of Biodiversity Science, Ecosystem Services \& Management},
  volume={9},
  number={3},
  pages={257--272},
  year={2013},
  publisher={Taylor \& Francis}
}

@article{richardson2019,
  title={Gopher tortoise herbivory increases plant species richness and diversity},
  author={Richardson, Jason C and Stiling, Peter},
  journal={Plant ecology},
  volume={220},
  number={3},
  pages={383--391},
  year={2019},
  publisher={Springer}
}

@article{jerozolimski2009,
  title={Are tortoises important seed dispersers in {A}mazonian forests?},
  author={Jerozolimski, Adriano and Ribeiro, Maria Beatriz N and Martins, Marcio},
  journal={Oecologia},
  volume={161},
  number={3},
  pages={517--528},
  year={2009},
  publisher={Springer}
}

@article{stevenson2008,
  title={Seed dispersal, habitat selection and movement patterns in the {A}mazonian tortoise, \emph{Geochelone denticulata}},
  author={Stevenson, Pablo and Guzm{\'a}n, Adriana},
  journal={Amphibia-Reptilia},
  volume={29},
  number={4},
  pages={463--472},
  year={2008},
  publisher={Brill}
}

@article{gonzalez2015,
  title={Comparing seed dispersal effectiveness by frugivores at the community level},
  author={Gonz{\'a}lez-Castro, Aar{\'o}n and Calvi{\~n}o-Cancela, Mar{\'\i}a and Nogales, Manuel},
  journal={Ecology},
  volume={96},
  number={3},
  pages={808--818},
  year={2015},
  publisher={Wiley Online Library}
}

@article{nogales2017,
  title={Contribution by vertebrates to seed dispersal effectiveness in the {G}al{\'a}pagos {I}slands: A community-wide approach},
  author={Nogales, Manuel and Gonz{\'a}lez-Castro, Aar{\'o}n and Rumeu, Beatriz and Traveset, Anna and Vargas, Pablo and Jaramillo, Patricia and Olesen, JM and Heleno, RH},
  journal={Ecology},
  volume={98},
  number={8},
  pages={2049--2058},
  year={2017},
  publisher={Wiley Online Library}
}

@article{heleno2013,
  title={Seed dispersal networks in the Gal{\'a}pagos and the consequences of alien plant invasions},
  author={Heleno, Ruben H and Olesen, Jens M and Nogales, Manuel and Vargas, Pablo and Traveset, Anna},
  journal={Proceedings of the Royal Society B: Biological Sciences},
  volume={280},
  number={1750},
  pages={20122112},
  year={2013},
  publisher={The Royal Society}
}

@article{kubisch2014,
  title={\emph{Chelonoidis chilensis} ({Chaco} tortoise). {P}redation.},
  author={Kubisch, E. and Echave M. E. and Echave L.A.},
  journal={Herpetological review},
  volume={45},
  number={4},
  pages={684-685},
  year={2014},
}

@book{klages2008,
  title={Anomalous transport},
  author={Klages, Rainer and Radons, G{\"u}nter and Sokolov, Igor Mihajlovi{\v{c}}},
  year={2008},
  publisher={Wiley Online Library}
}

@article{godagnone2008inventario,
  title={Inventario integrado de los recursos naturales de la {P}rovincia de {R}{\'\i}o {N}egro: geolog{\'\i}a, hidrogeolog{\'\i}a, geomorfolog{\'\i}a, suelos, clima, vegetaci{\'o}n y fauna},
  author={Godagnone, Rub{\'e}n and Bran, Donaldo E},
  year={2008},
  publisher={INTA,}
}

@article{kazimierski2016,
  title={The movement of a forager: strategies for the efficient use of resources},
  author={Kazimierski, Laila and Abramson, Guillermo and Kuperman, Marcelo},
  journal={Eur. Phys. J. B},
  volume={89},
  number={},
  pages={232},
  year={2016},
}

@article{kazimierski2015,
  title={Random walk model to study cycles emerging from the exploration-exploitation trade-off},
  author={Kazimierski, Laila and Abramson, Guillermo and Kuperman, Marcelo},
  journal={Phys. Rev. E},
  volume={91},
  number={},
  pages={012124},
  year={2015},
}

@article{abramson2014,
  title={Space use by foragers consuming renewable resources},
  author={Abramson, Guillermo and Kuperman, Marcelo and Morales, Juan Manuel and Miller, Joel C.},
  journal={Eur. Phys. J. B},
  volume={87},
  number={},
  pages={100},
  year={2014},
}

@article{bouchaud1990,
title = {Anomalous diffusion in disordered media: Statistical mechanisms, models and physical applications},
journal = {Physics Reports},
volume = {195},
number = {4},
pages = {127-293},
year = {1990},
issn = {0370-1573},
doi = {https://doi.org/10.1016/0370-1573(90)90099-N},
url = {https://www.sciencedirect.com/science/article/pii/037015739090099N},
author = {Jean-Philippe Bouchaud and Antoine Georges},
abstract = {The subject of this paper is the evolution of Brownian particles in disordered environments. The “Ariadne's clew” we follow is understanding of the general statistical mechanisms which may generate “anomalous” (non-Brownian) diffusion laws; this allows us to develop simple arguments to obtain a qualitative (but often quite accurate) picture of most situations. Several analytical techniques-such as the Green function formalism and renormalization group methods-are also exposed. Care is devoted to the problem of sample to sample fluctuations, particularly acute here. We consider the specific effects of a bias on anomalous diffusion, and discuss the generalizations of Einstein's relation in the presence of disorder. An effort is made to illustrate the theoretical models by describing many physical situations where anomalous diffusion laws have been-or could be-observed.}
}

@incollection{blake2021movement,
  title={Movement ecology},
  author={Blake, Stephen and Yackulic, Charles B and Cabrera, Freddy and Deem, Sharon L and Ellis-Soto, Diego and Gibbs, James P and Kummeth, Franz and Wikelski, Martin and Bastille-Rousseau, Guillaume},
  booktitle={Galapagos Giant Tortoises},
  pages={261--279},
  year={2021},
  publisher={Elsevier}
}

@incollection{hunter2021role,
  title={Role in ecosystems},
  author={Hunter, Elizabeth A and Blake, Stephen and Cayot, Linda J and Gibbs, James P},
  booktitle={Galapagos giant tortoises},
  pages={299--315},
  year={2021},
  publisher={Elsevier}
}

@article{blake2013vegetation,
  title={Vegetation dynamics drive segregation by body size in Galapagos tortoises migrating across altitudinal gradients},
  author={Blake, Stephen and Yackulic, Charles B and Cabrera, Fredy and Tapia, Washington and Gibbs, James P and K{\"u}mmeth, Franz and Wikelski, Martin},
  journal={Journal of Animal Ecology},
  volume={82},
  number={2},
  pages={310--321},
  year={2013},
  publisher={Wiley Online Library}
}

@article{aguirre1984home,
  title={HOME RANGE AND MOVEMENT PATTERNS OF THE BOLSON TORTOISE, GOPHBRUS FLAVOMARGINATUS},
  author={Aguirre, Gustavo and Adest, Gary A and Morafka, David J},
  journal={Acta Zool{\'o}gica Mexicana (ns)},
  number={1},
  pages={1--28},
  year={1984}
}

@article{eubanks2003patterns,
  title={Patterns of movement and burrow use in a population of gopher tortoises (Gopherus polyphemus)},
  author={Eubanks, Jeannine Ott and Michener, William K and Guyer, Craig},
  journal={Herpetologica},
  volume={59},
  number={3},
  pages={311--321},
  year={2003}
}

@article{paruelo1993secuencias,
  title={Secuencias de deterioro en distintos ambientes Patag{\'o}nicos: Su caracterizaci{\'o}n mediante el modelo de estados y transiciones},
  author={Paruelo, JM and Bertiller, MB and Schlichter, T and Coronato, FR},
  journal={Convenio Argentino-Alem{\'a}n, Cooperaci{\'o}n t{\'e}cnica INTA-GTZ. Lucha contra la Desertificaci{\'o}n en la Patagonia a trav{\'e}s de un sistema de monitoreo ecol{\'o}gico (LUDEPA-SME)},
  year={1993}
}

@article{borrelli2001proyecto,
  title={Proyecto de Desarrollo Sustentable de la Patagonia: PRODESAR. Ganader{\'\i}a ovina sustentable en la Patagonia Austral: tecnolog{\'\i}a de manejo extensivo.},
  author={Borrelli, Pablo and Oliva, Gabriel},
  journal={Ediciones.},
  year={2001},
  publisher={R{\'\i}o Gallegos. AR. INTA}
}

@inproceedings{waller1997land,
  title={Land use and grazing in relation to the genus Geochelone in Argentina},
  author={Waller, T and Micucci, PA},
  booktitle={Proceedings: Conservation, Restoration, and Management of Tortoises and Turtles-An International Conference},
  pages={2--9},
  year={1997}
}

