@INCOLLECTION{Laricch2009AAMOP_ICBp3,
  author = { Laricchia, G. and  Armitage, S. and  K\"{o}ver, \'{A}. and  Murtagh, D.
      J.},
  title = {Ionizing Collisions by Positrons and Positronium Impact on the Inert
      Atoms},
  year = {2009},
  volume = {56},
  booktitle = {Advances in Atomic, Molecular and Optical Physics},
  publisher = {Academic Press, Inc.},
  pages = {3},
}
           
@INCOLLECTION{Briggs1991AAMOP_TTOp1,
  author = { Briggs, J. S. and  Macek, J. H.},
  editor = { Briggs, J. S. and  Macek, J. H.},
  title = {The theory of fast ion-atom collisions},
  year = {1991},
  volume = {28},
  booktitle = {Advances in Atomic, Molecular and Optical Physics},
  publisher = {Academic Press, Inc.},
  pages = {1-74},
}

@ARTICLE{Bohm1952PRp166,
  author = { Bohm, David},
  title = {A Suggested Interpretation of the Quantum Theory in Terms of ``{Hidden}"
      Variables. {I}},
  journal = {Physical Review},
  year = {1952},
  volume = {85},
  pages = {166-179},
}

@ARTICLE{Bohm1952PRp180,
  author = { Bohm, David},
  title = {A Suggested Interpretation of the Quantum Theory in Terms of ``{Hidden}"
      Variables. {II}},
  journal = {Physical Review},
  year = {1952},
  volume = {85},
  pages = {180-193},
}

@ARTICLE{Bohr1913PMp10,
  author = { Bohr, N.},
  title = {On the Constitution of Atoms and Molecules},
  journal = {Phil. Mag.},
  year = {1913},
  volume = {25},
  pages = {10},
}

@ARTICLE{Philipp1982NCBSp75,
  author = { Philippidis, C. and  Bohm, D. and  Kaye, R. D.},
  title = {{The Aharonov-Bohm effect and the quantum potential}},
  journal = {Nuovo Cimento B Serie},
  year = {1982},
  volume = {71},
  pages = {75-88},
}

@ARTICLE{Hunter07CSE,
        Address = {10662 LOS VAQUEROS CIRCLE, PO BOX 3014, LOS ALAMITOS, CA 90720-1314 USA},
        Author = {Hunter, John D.},
        Date-Added = {2010-09-23 12:22:10 -0700},
        Date-Modified = {2010-09-23 12:22:10 -0700},
        Isi = {000245668100019},
        Isi-Recid = {155389429},
        Journal = {Computing In Science \& Engineering},
        Month = {May-Jun},
        Number = {3},
        Pages = {90--95},
        Publisher = {IEEE COMPUTER SOC},
        Times-Cited = {21},
        Title = {Matplotlib: A 2D graphics environment},
        Type = {Editorial Material},
        Volume = {9},
        Year = {2007},
        Abstract = {Matplotlib is a 2D graphics package used for Python for application
                    development, interactive scripting, and publication-quality image
                    generation across user interfaces and operating systems.},
        Bdsk-Url-1 = {http://gateway.isiknowledge.com/gateway/Gateway.cgi?GWVersion=2&SrcAuth=Alerting&SrcApp=Alerting&DestApp=WOS&DestLinkType=FullRecord;KeyUT=000245668100019}}
        @article{morales2005adaptive,
        title={Adaptive models for large herbivore movements in heterogeneous landscapes},
        author={Morales, Juan Manuel and Fortin, Daniel and Frair, Jacqueline L and Merrill, Evelyn H},
        journal={Landscape Ecology},
        volume={20},
        number={3},
        pages={301--316},
        year={2005},
        publisher={Springer}
      }
@ARTICLE{morales2010building,
  title={Building the bridge between animal movement and population dynamics},
  author={Morales, Juan M and Moorcroft, Paul R and Matthiopoulos, Jason and Frair, Jacqueline L and Kie, John G and Powell, Roger A and Merrill, Evelyn H and Haydon, Daniel T},
  journal={Philosophical Transactions of the Royal Society B: Biological Sciences},
  volume={365},
  number={1550},
  pages={2289--2301},
  year={2010},
  publisher={The Royal Society}
}

@ARTICLE{nathan2008emerging,
  title={An emerging movement ecology paradigm},
  author={Nathan, Ran},
  journal={Proceedings of the National Academy of Sciences},
  volume={105},
  number={49},
  pages={19050--19051},
  year={2008},
  publisher={National Acad Sciences}
}

@MISC{chebez2008se,
  title={Los que se van. {Fauna} argentina amenazada},
  author={Chebez, JC},
  journal={{Albatros, Buenos Aires, Argentina}},
  year={2008},
}

@ARTICLE{prado2012categorizacion,
  title={Categorizaci{\'o}n del estado de conservaci{\'o}n de las tortugas de la {República} {Argentina}},
  author={Prado, Walter S and Waller, Tom{\'a}s and Albareda, Diego A and Cabrera, Mario R and Etchepare, Eduardo and Giraudo, Alejandro R and Gonz{\'a}lez Carman, Victoria and Prosdocimi, Laura and Richard, Enrique},
  journal={Cuadernos de herpetolog{\'\i}a},
  volume={26},
  pages={375--387},
  year={2012},
  publisher={SciELO Argentina}
}

@MISC{kubisch2014chelonoidis,
  title={Chelonoidis chilensis (Chaco Tortoise)},
  author={Kubisch, Erika Leticia and Echave, Maria Eugenia and Echave, Luis Alberto},
  year={2014}
}

@MISC{zacarias2016biologia,
  title={Biolog{\'\i}a, Ecolog{\'\i}a, Paleontolog{\'\i}a y filogenia de nuestra Tortuga chaque{\~n}a {(Chelonoidis} chilensis): Peque{\~n}o pariente de las tortugas terrestres de las islas {G}al{\'a}pagos},
  author={Zacarias, Gerardo Gabriel and Diaz Gomez, Juan Manuel and de la Fuente, Marcelo Sa{\'u}l},
  year={2016},
  publisher={Instituto de Bio y Geociencias del NOA}
}

@MISC{Erika,
  title={Comunicacion directa },
  author={ Kubisch, investigadora de  CONICET{,} especialista en biología de campo, Erika},
  jornal={investigadora de  CONICET, especialista en biología de campo},
  year={2022}
}

@INCOLLECTION{thesis,
  title={Scaling in Bird Coloniality: Individual Behaviour, Spatial Patterns and Population Dynamics},
  author={Jovani, Roger},
  year={2006},
  publisher={ Departamento de Biolog{\'\i}a Vegetal y Ecolog{\'\i}a}
}

@ARTICLE{bouchaud1990anomalous,
  title={Anomalous diffusion in disordered media: statistical mechanisms, models and physical applications},
  author={Bouchaud, Jean-Philippe and Georges, Antoine},
  journal={Physics reports},
  volume={195},
  number={4-5},
  pages={127--293},
  year={1990},
  publisher={Elsevier}
}

@MISC{github,
  title = {{Codigos realizados en el trabajo}, repositorio Github},
  howpublished = {\url{https://github.com/MaestriaIBMarco/MaestriaMarco}}
}
@techreport{networkx,
  title={Exploring network structure, dynamics, and function using NetworkX},
  author={Hagberg, Aric and Swart, Pieter and S Chult, Daniel},
  year={2008},
  institution={Los Alamos National Lab.(LANL), Los Alamos, NM (United States)}
}

@article{bipartitasTortusPaper,
  title={Inferring social structure and its drivers from refuge use in the desert tortoise, a relatively solitary species},
  author={Sah, Pratha and Nussear, Kenneth E and Esque, Todd C and Aiello, Christina M and Hudson, Peter J and Bansal, Shweta},
  journal={Behavioral Ecology and Sociobiology},
  volume={70},
  number={8},
  pages={1277--1289},
  year={2016},
  publisher={Springer}
}
@MISC{manteltest,
  title = {{Carr JW (2015) MantelTest }},
  howpublished = {\url{https://github.com/jwcarr/mantel}}
}